@inproceedings{besl1992method,
  title={Method for registration of 3-D shapes},
  author={Besl, Paul J and McKay, Neil D},
  booktitle={Sensor fusion IV: control paradigms and data structures},
  volume={1611},
  pages={586--606},
  year={1992},
  organization={International Society for Optics and Photonics}
};

@article{D3VO,
  title={D3VO: Deep Depth, Deep Pose and Deep Uncertainty for Monocular Visual Odometry},
  author={Yang, Nan and von Stumberg, Lukas and Wang, Rui and Cremers, Daniel},
  journal={arXiv preprint arXiv:2003.01060},
  year={2020}
};


@article{SLAMLeonard,
  title={Past, present, and future of simultaneous localization and mapping: Toward the robust-perception age},
  author={Cadena, Cesar and Carlone, Luca and Carrillo, Henry and Latif, Yasir and Scaramuzza, Davide and Neira, Jos{\'e} and Reid, Ian and Leonard, John J},
  journal={IEEE Transactions on robotics},
  volume={32},
  number={6},
  pages={1309--1332},
  year={2016},
  publisher={IEEE}
}

@article{MarsVisualOdometry,
  title={Two years of visual odometry on the mars exploration rovers},
  author={Maimone, Mark and Cheng, Yang and Matthies, Larry},
  journal={Journal of Field Robotics},
  volume={24},
  number={3},
};

@inproceedings{leger2005mars,
  title={Mars exploration rover surface operations: Driving spirit at gusev crater},
  author={Leger, P Chris and Trebi-Ollennu, Ashitey and Wright, John R and Maxwell, Scott A and Bonitz, Robert G and Biesiadecki, Jeffrey J and Hartman, Frank R and Cooper, Brian K and Baumgartner, Eric T and Maimone, Mark W},
  booktitle={2005 IEEE International Conference on Systems, Man and Cybernetics},
  volume={2},
  pages={1815--1822},
  year={2005},
  organization={IEEE}
};
