@article{Kabsch1978,
author = {Kabsch, W.},
doi = {10.1107/S0567739478001680},
file = {:Users/olalekanogunmolu/Library/Application Support/Mendeley Desktop/Downloaded/Kabsch - 1978 - A discussion of the solution for the best rotation to relate two sets of vectors.pdf:pdf},
issn = {16005724},
journal = {Acta Crystallographica Section A},
mendeley-groups = {Robotics},
number = {5},
pages = {827--828},
title = {{A discussion of the solution for the best rotation to relate two sets of vectors}},
volume = {34},
year = {1978}
};

@misc{homeomorphic,
author={Weisstein, Eric W.},
title={Homeomorphic.}
howphublished = {\url{https://mathworld.wolfram.com/Homeomorphic.html}}
note={Accessed December 20, 2020}
};

@inproceedings{besl1992method,
  title={Method for registration of 3-D shapes},
  author={Besl, Paul J and McKay, Neil D},
  booktitle={Sensor fusion IV: control paradigms and data structures},
  volume={1611},
  pages={586--606},
  year={1992},
  organization={International Society for Optics and Photonics}
};

@article{horn1987closed,
  title={Closed-form solution of absolute orientation using unit quaternions},
  author={Horn, Berthold KP},
  journal={Josa a},
  volume={4},
  number={4},
  pages={629--642},
  year={1987},
  publisher={Optical Society of America}
};

@article{D3VO,
  title={D3VO: Deep Depth, Deep Pose and Deep Uncertainty for Monocular Visual Odometry},
  author={Yang, Nan and von Stumberg, Lukas and Wang, Rui and Cremers, Daniel},
  journal={arXiv preprint arXiv:2003.01060},
  year={2020}
};


@article{SLAMLeonard,
  title={Past, present, and future of simultaneous localization and mapping: Toward the robust-perception age},
  author={Cadena, Cesar and Carlone, Luca and Carrillo, Henry and Latif, Yasir and Scaramuzza, Davide and Neira, Jos{\'e} and Reid, Ian and Leonard, John J},
  journal={IEEE Transactions on robotics},
  volume={32},
  number={6},
  pages={1309--1332},
  year={2016},
  publisher={IEEE}
}

@article{MarsVisualOdometry,
  title={Two years of visual odometry on the mars exploration rovers},
  author={Maimone, Mark and Cheng, Yang and Matthies, Larry},
  journal={Journal of Field Robotics},
  volume={24},
  number={3},
};

@inproceedings{leger2005mars,
  title={Mars exploration rover surface operations: Driving spirit at gusev crater},
  author={Leger, P Chris and Trebi-Ollennu, Ashitey and Wright, John R and Maxwell, Scott A and Bonitz, Robert G and Biesiadecki, Jeffrey J and Hartman, Frank R and Cooper, Brian K and Baumgartner, Eric T and Maimone, Mark W},
  booktitle={2005 IEEE International Conference on Systems, Man and Cybernetics},
  volume={2},
  pages={1815--1822},
  year={2005},
  organization={IEEE}
};
